<?xml version="1.0" encoding="UTF-8"?><record xmlns="http://www.loc.gov/MARC21/slim" xmlns:cinclude="http://apache.org/cocoon/include/1.0" xmlns:zs="http://www.loc.gov/zing/srw/">
  <leader>00568cz  a2200157n  4500</leader>
  <controlfield tag="001">no 98103887 </controlfield>
  <controlfield tag="003">DLC</controlfield>
  <controlfield tag="005">20050628103633.0</controlfield>
  <controlfield tag="008">980820n| acannaab           |a aaa     c</controlfield>
  <datafield tag="010" ind1=" " ind2=" ">
    <subfield code="a">no 98103887 </subfield>
  </datafield>
  <datafield tag="035" ind1=" " ind2=" ">
    <subfield code="a">(OCoLC)oca04798247</subfield>
  </datafield>
  <datafield tag="040" ind1=" " ind2=" ">
    <subfield code="a">GEU</subfield>
    <subfield code="c">GEU</subfield>
    <subfield code="d">DLC</subfield>
  </datafield>
  <datafield tag="100" ind1="1" ind2=" ">
    <subfield code="a">Heck, Simon</subfield>
  </datafield>
  <datafield tag="400" ind1="1" ind2=" ">
    <subfield code="a">Heck, S.</subfield>
    <subfield code="q">(Simon)</subfield>
  </datafield>
  <datafield tag="670" ind1=" " ind2=" ">
    <subfield code="a">Sales contracts and land tenure relations in Ankole, Western Uganda, c1996:</subfield>
    <subfield code="b">t.p. (Simon Heck)</subfield>
  </datafield>
  <datafield tag="670" ind1=" " ind2=" ">
    <subfield code="a">Cross-border fishing and fish trade on Lake Victoria, c2004:</subfield>
    <subfield code="b">t.p. (S. Heck; technical advisor, IUCN Eastern Africa Regional Programme)</subfield>
  </datafield>
</record>